@book{darwin1859origin,
  title={On the origin of species},
  author={Darwin, Charles},
  year={1859},
  publisher={John Murray}
}
